<?xml version="1.0" encoding="UTF-8"?>
<Document xmlns="urn:iso:std:iso:20022:tech:xsd:camt.053.001.02" xmlns:xsi="http://www.w3.org/2001/XMLSchema-instance" xsi:schemaLocation="urn:iso:std:iso:20022:tech:xsd:camt.053.001.02 camt.053.001.02.xsd">
<!-- Beispiel 3a: Sammlerdarstellung mit Aufloesung innerhalb der Nachricht -->
<!-- Mit XMLSpy v2008 rel. 2 sp2 (http://www.altova.com) im Mai 2016 von der SIZ GmbH (Wenzel) angepasst hinsichtlich Anlage 3, Version 3.0:  -->
<!-- 1. BkTxCd Pflicht auf Entryebene, 2. Issuer nun "DK" (Statt "ZKA"), 3. Mapping GVC auf Domn, 4. Eine Rücklastschrift-Transaktion ist mit Gebuehren ausgewiesen -->
	<BkToCstmrStmt>
		<GrpHdr>
			<MsgId>27632364572</MsgId>
			<CreDtTm>2016-05-11T19:30:47.0+01:00</CreDtTm>
			<MsgRcpt>
				<Id>
					<OrgId>
						<Othr>
							<Id>BCS45678</Id>
						</Othr>
					</OrgId>
				</Id>
			</MsgRcpt>
			<MsgPgntn>
				<PgNb>1</PgNb>
				<LastPgInd>true</LastPgInd>
			</MsgPgntn>
		</GrpHdr>
		<Stmt>
			<Id>2736482736482</Id>
			<ElctrncSeqNb>103</ElctrncSeqNb>
			<CreDtTm>2016-05-11T17:30:47.0+01:00</CreDtTm>
			<Acct>
				<Id>
					<IBAN>DE62210500001234567890</IBAN>
				</Id>
				<Ccy>EUR</Ccy>
				<Ownr>
					<Nm>Name Kontoinhaber Telefongesellschaft ABC</Nm>
				</Ownr>
				<Svcr>
					<FinInstnId>
						<BIC>BANKDEFFXXX</BIC>
						<Othr>
							<Id>DE123456789</Id>
							<Issr>UmsStId</Issr>
						</Othr>
					</FinInstnId>
				</Svcr>
			</Acct>
			<Bal>
				<Tp>
					<CdOrPrtry>
						<Cd>PRCD</Cd>
					</CdOrPrtry>
				</Tp>
				<Amt Ccy="EUR">3245.78</Amt>
				<CdtDbtInd>CRDT</CdtDbtInd>
				<Dt>
					<Dt>2016-05-11</Dt>
				</Dt>
			</Bal>
			<Bal>
				<Tp>
					<CdOrPrtry>
						<Cd>CLBD</Cd>
					</CdOrPrtry>
				</Tp>
				<Amt Ccy="EUR">2969.78</Amt>
				<CdtDbtInd>CRDT</CdtDbtInd>
				<Dt>
					<Dt>2016-05-11</Dt>
				</Dt>
			</Bal>
			<!--Belastung aufgrund von SEPA-Lastschriftrueckgaben (Sammelbuchung) mit Sammleraufloesung unter Transaction Details-->
			<Ntry>
				<Amt Ccy="EUR">276</Amt>
				<CdtDbtInd>DBIT</CdtDbtInd>
				<Sts>BOOK</Sts>
				<BookgDt>
					<Dt>2016-05-11</Dt>
				</BookgDt>
				<ValDt>
					<Dt>2016-05-11</Dt>
				</ValDt>
				<AcctSvcrRef>Bankreferenz</AcctSvcrRef>
				<BkTxCd>
					<Domn>
					   <Cd>PMNT</Cd>
					   <Fmly>
						 <Cd>IDDT</Cd>
						 <SubFmlyCd>UPDD</SubFmlyCd>
						</Fmly>
					</Domn>	
					<Prtry>
						<Cd>109</Cd>
						<Issr>DK</Issr>
					</Prtry>			
				</BkTxCd>
				<NtryDtls>
					<Btch>
						<NbOfTxs>3</NbOfTxs>
					</Btch>
					<TxDtls>
						<!-- Ab hier Aufloesung des Sammlers bestehend aus 3 Einzelumsaetzen -->
						<Refs>
							<EndToEndId>79892</EndToEndId>
							<MndtId>10001</MndtId>
						</Refs>
						<AmtDtls>
						<!-- Originalbetrag des Lastschrifteinzugs (aus der pacs.004) und Rücklastschriftbetrag (Ursprungsbetrag plus Gebuehrensumme) -->							
							<InstdAmt><Amt Ccy="EUR">69</Amt></InstdAmt>
							<TxAmt><Amt Ccy="EUR">76</Amt></TxAmt>
						</AmtDtls>
						<BkTxCd>
							<Domn>
							   <Cd>PMNT</Cd>
							   <Fmly>
								 <Cd>IDDT</Cd>
								 <SubFmlyCd>UPDD</SubFmlyCd>
								</Fmly>
							</Domn>	
							<Prtry>
								<Cd>NRTI+109++901</Cd>
								<Issr>DK</Issr>
							</Prtry>
						</BkTxCd>
						<Chrgs>
							<!--Eigententgelt (erkennbar an der BIC des eigenen Instituts), der hier genannte Betrag ist nur ein Beispiel! Man kann z.B. auch Klartexte wie EIGENENTGELT unter Type angeben -->
							<Amt Ccy="EUR">3</Amt>	
							<Tp><Prtry><Id>EIGENENTGELT</Id></Prtry></Tp>						
							<Pty><FinInstnId><BIC>BANKDEFFXXX</BIC></FinInstnId></Pty>
						</Chrgs>
						<Chrgs>
							<!--Fremdentgelt (erkennbar an der BIC des anderen Instituts), der hier genannte Betrag ist nur ein Beispiel! Reihenfolge der Entgelte nicht vorgegeben-->
							<Amt Ccy="EUR">4</Amt>
							<Tp><Prtry><Id>FREMDENTGELT</Id></Prtry></Tp>
							<Pty><FinInstnId><BIC>GENODEF1ER1</BIC></FinInstnId></Pty> 
						</Chrgs>
						<RltdPties>
							<!--Weil bei R-Transaktionen nicht gedreht wird, stehen hier die Originals-->
							<Dbtr>
								<Nm>Urspruenglicher Zahlungspflichtiger 1</Nm>
							</Dbtr>
							<DbtrAcct>
								<Id>
									 <IBAN>DE83700202707777777777</IBAN>
								</Id>
							</DbtrAcct>
							<Cdtr>
								<Nm>Telefongesellschaft ABC</Nm>
								<Id>
									<PrvtId>
										<Othr>
											<Id>CdtrId des SEPA-Lastschrifteinr.</Id>
										</Othr>
									</PrvtId>
								</Id>
							</Cdtr>
							<CdtrAcct>
								<Id>
								  <IBAN>DE62210500001234567890</IBAN>
								</Id>
							</CdtrAcct>
						</RltdPties>
						<Purp>
							<Cd>PHON</Cd>
						</Purp>
						<RmtInf>
							<Ustrd>Telefonrechnung April 2016, Vertragsnummer 3536456345</Ustrd>
						</RmtInf>
						<RtrInf>
							<Rsn>
								<Cd>AC01</Cd>
							</Rsn>
							<AddtlInf>IBAN FEHLERHAFT</AddtlInf>
						</RtrInf>
					</TxDtls>
					<TxDtls>
						<Refs>
							<EndToEndId>768768</EndToEndId>
							<MndtId>10002</MndtId>
						</Refs>
						<AmtDtls>
							<TxAmt>
								<Amt Ccy="EUR">80</Amt>
							</TxAmt>
						</AmtDtls>
						<BkTxCd>
							<Prtry>
								<Cd>NRTI+109++901</Cd>
								<Issr>DK</Issr>
							</Prtry>
						</BkTxCd>
						<RltdPties>
							<Dbtr>
								<Nm>Urspruenglicher Zahlungspflichtiger 2</Nm>
							</Dbtr>
							<DbtrAcct>
								<Id>
									 <IBAN>DE83700202704444444444</IBAN>
								</Id>
							</DbtrAcct>
							<Cdtr>
								<Nm>Telefongesellschaft ABC</Nm>
								<Id>
									<PrvtId>
										<Othr>
											<Id>CdtrId des SEPA-Lastschrifteinr.</Id>
										</Othr>
									</PrvtId>
								</Id>
							</Cdtr>
							<CdtrAcct>
								<Id>
								  <IBAN>DE62210500001234567890</IBAN>
								</Id>
							</CdtrAcct>
						</RltdPties>
						<Purp>
							<Cd>PHON</Cd>
						</Purp>
						<RmtInf>
							<Ustrd>Telefonrechnung April 2016, Vertragsnummer 3536456888</Ustrd>
						</RmtInf>
						<RtrInf>
							<Rsn>
								<Cd>AC01</Cd>
							</Rsn>
							<AddtlInf>IBAN FEHLERHAFT</AddtlInf>
						</RtrInf>
					</TxDtls>
					<TxDtls>
						<Refs>
							<EndToEndId>45456465</EndToEndId>
							<MndtId>10003</MndtId>
						</Refs>
						<AmtDtls>
							<TxAmt>
								<Amt Ccy="EUR">120</Amt>
							</TxAmt>
						</AmtDtls>
						<BkTxCd>
							<Domn>
							   <Cd>PMNT</Cd>
							   <Fmly>
								 <Cd>IDDT</Cd>
								 <SubFmlyCd>UPDD</SubFmlyCd>
								</Fmly>
							</Domn>	
							<Prtry>
								<Cd>NRTI+109++901</Cd>
								<Issr>DK</Issr>
							</Prtry>
						</BkTxCd>
						<RltdPties>
							<Dbtr>
								<Nm>Urspruenglicher Zahlungspflichtiger 3</Nm>
							</Dbtr>
							<DbtrAcct>
								<Id>
									 <IBAN>DE83700202703333333333</IBAN>
								</Id>
							</DbtrAcct>
							<Cdtr>
								<Nm>Telefongesellschaft ABC</Nm>
								<Id>
									<PrvtId>
										<Othr>
											<Id>CdtrId des SEPA-Lastschrifteinr.</Id>
										</Othr>
									</PrvtId>
								</Id>
							</Cdtr>
							<CdtrAcct>
								<Id>
								  <IBAN>DE62210500001234567890</IBAN>
								</Id>
							</CdtrAcct>
						</RltdPties>
						<Purp>
							<Cd>PHON</Cd>
						</Purp>
						<RmtInf>
							<Ustrd>Telefonrechnung April 2016, Vertragsnummer 3536456345</Ustrd>
						</RmtInf>
						<RtrInf>
							<Rsn>
								<Cd>AC01</Cd>
							</Rsn>
							<AddtlInf>IBAN FEHLERHAFT</AddtlInf>
						</RtrInf>
					</TxDtls>
				</NtryDtls>
			</Ntry>
		</Stmt>
	</BkToCstmrStmt>
</Document>
